# BibTeX bibliography file

@book{strang09,
  address = {Wellesley, MA},
  author = {Strang, Gilbert},
  edition = {Fourth},
  isbn = {9780980232714 0980232716 9780980232721 0980232724 9788175968110 8175968117},
  publisher = {Wellesley-Cambridge Press},
  refid = {298178914},
  title = {Introduction to Linear Algebra},
  year = 2009
}